[
  {
    "timestamp": 1749985043771,
    "price": 105148.5,
    "amount": 20.0,
    "direction": "buy",
    "index_price": 105135.69,
    "instrument_name": "BTC-PERPETUAL",
    "trade_seq": 251808210,
    "mark_price": 105154.88,
    "tick_direction": 2,
    "contracts": 2.0,
    "trade_id": "371525954"
  },
  {
    "timestamp": 1749985101855,
    "price": 105148.5,
    "amount": 20.0,
    "direction": "buy",
    "index_price": 105146.86,
    "instrument_name": "BTC-PERPETUAL",
    "trade_seq": 251808211,
    "mark_price": 105159.75,
    "tick_direction": 3,
    "contracts": 2.0,
    "trade_id": "371525969"
  },
  {
    "timestamp": 1749985114737,
    "price": 105148.0,
    "amount": 10.0,
    "direction": "sell",
    "index_price": 105146.26,
    "instrument_name": "BTC-PERPETUAL",
    "trade_seq": 251808212,
    "mark_price": 105155.32,
    "tick_direction": 2,
    "contracts": 1.0,
    "trade_id": "371525970"
  },
  {
    "timestamp": 1749985114737,
    "price": 105148.0,
    "amount": 10.0,
    "direction": "sell",
    "index_price": 105146.26,
    "instrument_name": "BTC-PERPETUAL",
    "trade_seq": 251808213,
    "mark_price": 105155.32,
    "tick_direction": 3,
    "contracts": 1.0,
    "trade_id": "371525971"
  },
  {
    "timestamp": 1749985117940,
    "price": 105148.5,
    "amount": 10000.0,
    "direction": "buy",
    "index_price": 105146.85,
    "instrument_name": "BTC-PERPETUAL",
    "trade_seq": 251808214,
    "mark_price": 105155.22,
    "tick_direction": 0,
    "contracts": 1000.0,
    "trade_id": "371525972"
  },
  {
    "timestamp": 1749985117940,
    "price": 105148.5,
    "amount": 60.0,
    "direction": "buy",
    "index_price": 105146.85,
    "instrument_name": "BTC-PERPETUAL",
    "trade_seq": 251808215,
    "mark_price": 105155.22,
    "tick_direction": 1,
    "contracts": 6.0,
    "trade_id": "371525973"
  },
  {
    "timestamp": 1749985117940,
    "price": 105148.5,
    "amount": 500.0,
    "direction": "buy",
    "index_price": 105146.85,
    "instrument_name": "BTC-PERPETUAL",
    "trade_seq": 251808216,
    "mark_price": 105155.22,
    "tick_direction": 1,
    "contracts": 50.0,
    "trade_id": "371525974"
  },
  {
    "timestamp": 1749985117942,
    "price": 105148.5,
    "amount": 7370.0,
    "direction": "buy",
    "index_price": 105146.85,
    "instrument_name": "BTC-PERPETUAL",
    "trade_seq": 251808217,
    "mark_price": 105155.22,
    "tick_direction": 1,
    "contracts": 737.0,
    "trade_id": "371525975"
  },
  {
    "timestamp": 1749985117944,
    "price": 105148.5,
    "amount": 1320.0,
    "direction": "buy",
    "index_price": 105146.85,
    "instrument_name": "BTC-PERPETUAL",
    "trade_seq": 251808218,
    "mark_price": 105155.22,
    "tick_direction": 1,
    "contracts": 132.0,
    "trade_id": "371525976"
  },
  {
    "timestamp": 1749985155434,
    "price": 105159.5,
    "amount": 10100.0,
    "direction": "buy",
    "index_price": 105149.03,
    "instrument_name": "BTC-PERPETUAL",
    "trade_seq": 251808219,
    "mark_price": 105159.62,
    "tick_direction": 0,
    "contracts": 1010.0,
    "trade_id": "371525980"
  },
  {
    "timestamp": 1749985155434,
    "price": 105159.5,
    "amount": 10.0,
    "direction": "buy",
    "index_price": 105149.03,
    "instrument_name": "BTC-PERPETUAL",
    "trade_seq": 251808220,
    "mark_price": 105159.62,
    "tick_direction": 1,
    "contracts": 1.0,
    "trade_id": "371525981"
  },
  {
    "timestamp": 1749985155434,
    "price": 105159.5,
    "amount": 5540.0,
    "direction": "buy",
    "index_price": 105149.03,
    "instrument_name": "BTC-PERPETUAL",
    "trade_seq": 251808221,
    "mark_price": 105159.62,
    "tick_direction": 1,
    "contracts": 554.0,
    "trade_id": "371525982"
  },
  {
    "timestamp": 1749985155439,
    "price": 105159.5,
    "amount": 5440.0,
    "direction": "buy",
    "index_price": 105149.03,
    "instrument_name": "BTC-PERPETUAL",
    "trade_seq": 251808222,
    "mark_price": 105159.62,
    "tick_direction": 1,
    "contracts": 544.0,
    "trade_id": "371525983"
  },
  {
    "timestamp": 1749985162796,
    "price": 105167.5,
    "amount": 20.0,
    "direction": "buy",
    "index_price": 105160.52,
    "instrument_name": "BTC-PERPETUAL",
    "trade_seq": 251808223,
    "mark_price": 105170.48,
    "tick_direction": 0,
    "contracts": 2.0,
    "trade_id": "371525994"
  },
  {
    "timestamp": 1749985200263,
    "price": 105167.0,
    "amount": 230.0,
    "direction": "sell",
    "index_price": 105151.98,
    "instrument_name": "BTC-PERPETUAL",
    "trade_seq": 251808224,
    "mark_price": 105165.16,
    "tick_direction": 2,
    "contracts": 23.0,
    "trade_id": "371525996"
  },
  {
    "timestamp": 1749985201109,
    "price": 105167.0,
    "amount": 60.0,
    "direction": "sell",
    "index_price": 105152.15,
    "instrument_name": "BTC-PERPETUAL",
    "trade_seq": 251808225,
    "mark_price": 105165.39,
    "tick_direction": 3,
    "contracts": 6.0,
    "trade_id": "371525997"
  },
  {
    "timestamp": 1749985204054,
    "price": 105167.0,
    "amount": 10.0,
    "direction": "sell",
    "index_price": 105150.88,
    "instrument_name": "BTC-PERPETUAL",
    "trade_seq": 251808226,
    "mark_price": 105164.34,
    "tick_direction": 3,
    "contracts": 1.0,
    "trade_id": "371526012"
  },
  {
    "timestamp": 1749985204054,
    "price": 105167.0,
    "amount": 30.0,
    "direction": "sell",
    "index_price": 105150.88,
    "instrument_name": "BTC-PERPETUAL",
    "trade_seq": 251808227,
    "mark_price": 105164.34,
    "tick_direction": 3,
    "contracts": 3.0,
    "trade_id": "371526013"
  },
  {
    "timestamp": 1749985204054,
    "price": 105167.0,
    "amount": 15360.0,
    "direction": "sell",
    "index_price": 105150.88,
    "instrument_name": "BTC-PERPETUAL",
    "trade_seq": 251808228,
    "mark_price": 105164.34,
    "tick_direction": 3,
    "contracts": 1536.0,
    "trade_id": "371526014"
  },
  {
    "timestamp": 1749985204055,
    "price": 105163.5,
    "amount": 1000.0,
    "direction": "sell",
    "index_price": 105150.88,
    "instrument_name": "BTC-PERPETUAL",
    "trade_seq": 251808229,
    "mark_price": 105164.34,
    "tick_direction": 2,
    "contracts": 100.0,
    "trade_id": "371526016"
  },
  {
    "timestamp": 1749985204057,
    "price": 105160.5,
    "amount": 40.0,
    "direction": "sell",
    "index_price": 105150.88,
    "instrument_name": "BTC-PERPETUAL",
    "trade_seq": 251808230,
    "mark_price": 105164.34,
    "tick_direction": 2,
    "contracts": 4.0,
    "trade_id": "371526017"
  },
  {
    "timestamp": 1749985204060,
    "price": 105160.5,
    "amount": 40.0,
    "direction": "sell",
    "index_price": 105150.88,
    "instrument_name": "BTC-PERPETUAL",
    "trade_seq": 251808231,
    "mark_price": 105164.34,
    "tick_direction": 3,
    "contracts": 4.0,
    "trade_id": "371526019"
  },
  {
    "timestamp": 1749985204081,
    "price": 105160.5,
    "amount": 920.0,
    "direction": "sell",
    "index_price": 105150.88,
    "instrument_name": "BTC-PERPETUAL",
    "trade_seq": 251808232,
    "mark_price": 105164.34,
    "tick_direction": 3,
    "contracts": 92.0,
    "trade_id": "371526043"
  },
  {
    "timestamp": 1749985204081,
    "price": 105159.0,
    "amount": 4000.0,
    "direction": "sell",
    "index_price": 105150.88,
    "instrument_name": "BTC-PERPETUAL",
    "trade_seq": 251808233,
    "mark_price": 105164.34,
    "tick_direction": 2,
    "contracts": 400.0,
    "trade_id": "371526044"
  },
  {
    "timestamp": 1749985204081,
    "price": 105159.0,
    "amount": 4000.0,
    "direction": "sell",
    "index_price": 105150.88,
    "instrument_name": "BTC-PERPETUAL",
    "trade_seq": 251808234,
    "mark_price": 105164.34,
    "tick_direction": 3,
    "contracts": 400.0,
    "trade_id": "371526045"
  },
  {
    "timestamp": 1749985204090,
    "price": 105157.0,
    "amount": 840.0,
    "direction": "sell",
    "index_price": 105150.88,
    "instrument_name": "BTC-PERPETUAL",
    "trade_seq": 251808235,
    "mark_price": 105164.34,
    "tick_direction": 2,
    "contracts": 84.0,
    "trade_id": "371526046"
  },
  {
    "timestamp": 1749985204090,
    "price": 105157.0,
    "amount": 10.0,
    "direction": "sell",
    "index_price": 105150.88,
    "instrument_name": "BTC-PERPETUAL",
    "trade_seq": 251808236,
    "mark_price": 105164.34,
    "tick_direction": 3,
    "contracts": 1.0,
    "trade_id": "371526047"
  },
  {
    "timestamp": 1749985224702,
    "price": 105153.0,
    "amount": 20.0,
    "direction": "buy",
    "index_price": 105139.23,
    "instrument_name": "BTC-PERPETUAL",
    "trade_seq": 251808237,
    "mark_price": 105153.66,
    "tick_direction": 2,
    "contracts": 2.0,
    "trade_id": "371526049"
  },
  {
    "timestamp": 1749985283606,
    "price": 105153.0,
    "amount": 20.0,
    "direction": "buy",
    "index_price": 105141.67,
    "instrument_name": "BTC-PERPETUAL",
    "trade_seq": 251808238,
    "mark_price": 105150.42,
    "tick_direction": 3,
    "contracts": 2.0,
    "trade_id": "371526060"
  },
  {
    "timestamp": 1749985334258,
    "price": 105153.0,
    "amount": 500.0,
    "direction": "buy",
    "index_price": 105134.87,
    "instrument_name": "BTC-PERPETUAL",
    "trade_seq": 251808239,
    "mark_price": 105148.94,
    "tick_direction": 3,
    "contracts": 50.0,
    "trade_id": "371526064"
  }
]